@ARTICLE{arm-83-exp,
   author = "B.F. Armaly and F. Durst and J.C.F. Pereira and B. Schonung",
   title = " Experimental and Theoretical investigation of backward-facing step flow",
   year = "1983",
   journal = "J. Fluid Mech.",
   volume = "127",
   number = "",
   pages = "473--496"
}


@ARTICLE{bot-98-ben,
   author = "O. Botella and R. Peyret",
   title = " Benchmark spectral results on the lid-driven cavity flow ",
   year = "1998",
   journal = "Comput. $\&$ Fluids",
   volume = "27",
   number = "4",
   pages = "421--433"
}

@ARTICLE{brezzip,
author       = "Brezzi, F. and Pitk{\"a}ranta, J. ",
title        = "On the stabilization of finite element approximations of the Stokes 
equations",
journal      = "Efficient solutions of elliptic systems",
publisher    = "Kiel",
volume       = "",
number       = "",
year         = "1984",
pages        = "11--19",
}
@ARTICLE{brezzip2,
author       = "Brezzi, F. and Pitk{\"a}ranta, J. ",
title        = "On the stabilization of finite element approximations of the Stokes 
equations",
journal      = "Notes Numer. Fluid Mech.",
publisher    = "Vieweg, Braunschweig,",
volume       = "10",
number       = "",
year         = "1984",
pages        = "",
}
@ARTICLE{chi-97-top,
   author = "T.P. Chiang and T. W.H. Sheu and S.F. Tsa",
   title = " Topological flow structures in backward-facing step channels ",
   year = "1997",
   journal = "J. Comput. Phys",
   volume = "26",
   number = "",
   pages = "321--337"
}
@article {cho-97-ana,
    AUTHOR = {Chou, S. H.},
     TITLE = {Analysis and convergence of a covolume method for the
              generalized {S}tokes problem},
   JOURNAL = {Math. Comp.},
  FJOURNAL = {Mathematics of Computation},
    VOLUME = {66},
      YEAR = {1997},
    NUMBER = {217},
     PAGES = {85--104},
      ISSN = {0025-5718},
     CODEN = {MCMPAF},
   MRCLASS = {65N12 (65N22 76D07 76M10)},
  MRNUMBER = {MR1372003 (97e:65109)},
MRREVIEWER = {Gert Lube},
}
@article {cho-97-mac,
    AUTHOR = {Chou, S. H. and Kwak, D. Y.},
     TITLE = {Analysis and convergence of a {MAC}-like scheme for the
              generalized {S}tokes problem},
   JOURNAL = {Numer. Methods Partial Differential Equations},
  FJOURNAL = {Numerical Methods for Partial Differential Equations. An
              International Journal},
    VOLUME = {13},
      YEAR = {1997},
    NUMBER = {2},
     PAGES = {147--162},
      ISSN = {0749-159X},
   MRCLASS = {65N12 (65N35 76D07 76M25)},
  MRNUMBER = {MR1436612 (98a:65154)},
MRREVIEWER = {Lech Slawik},
}
@article {gir-96-fin,
   AUTHOR = {Girault, V. and Lopez, H.},
     TITLE = {Finite-element error estimates for the {MAC} scheme},
   JOURNAL = {IMA J. Numer. Anal.},
  FJOURNAL = {IMA Journal of Numerical Analysis},
    VOLUME = {16},
      YEAR = {1996},
    NUMBER = {3},
     PAGES = {247--379},
      ISSN = {0272-4979},
     CODEN = {IJNADN},
   MRCLASS = {65M60 (65N30 76D05 76M20)},
  MRNUMBER = {MR1397601 (97k:65217)},
MRREVIEWER = {Rolf Rannacher},
} 
@ARTICLE{giraultraviart,
    AUTHOR = {Girault, V. and Raviart, P.-A.},
     TITLE = {Finite element methods for {N}avier-{S}tokes equations},
    SERIES = {Springer Series in Computational Mathematics},
    VOLUME = {5},
      NOTE = {Theory and algorithms},
 PUBLISHER = {Springer-Verlag},
   ADDRESS = {Berlin},
      YEAR = {1986},
     PAGES = {x+374},
      ISBN = {3-540-15796-4},
   MRCLASS = {65N30 (65-02 76-08)},
  MRNUMBER = {MR851383 (88b:65129)},
MRREVIEWER = {Max D. Gunzburger},
}
@incollection {glo-03-num,
    AUTHOR = {Glowinski, R.},
     TITLE = {Finite element methods for incompressible viscous flow},
 BOOKTITLE = {Handbook of numerical analysis, Vol.\ IX},
    SERIES = {Handb. Numer. Anal., IX},
     PAGES = {3--1176},
 PUBLISHER = {North-Holland},
   ADDRESS = {Amsterdam},
      YEAR = {2003},
   MRCLASS = {65Mxx (76M10)},
  MRNUMBER = {MR2009826},
}
@book {gun-89-fin,
    AUTHOR = {Gunzburger, Max D.},
     TITLE = {Finite element methods for viscous incompressible flows},
    SERIES = {Computer Science and Scientific Computing},
      NOTE = {A guide to theory, practice, and algorithms},
 PUBLISHER = {Academic Press Inc.},
   ADDRESS = {Boston, MA},
      YEAR = {1989},
     PAGES = {xviii+269},
      ISBN = {0-12-307350-2},
   MRCLASS = {76M10 (65-02 65N30)},
  MRNUMBER = {MR1017032 (91d:76053)},
MRREVIEWER = {Juhani Pitk{\"a}ranta},
}
@incollection {gun-96-fin,
    AUTHOR = {Gunzburger, Max D.},
     TITLE = {Navier-{S}tokes equations for incompressible flows:
              finite-element methods},
 BOOKTITLE = {Handbook of computational fluid mechanics},
     PAGES = {99--157},
 PUBLISHER = {Academic Press},
   ADDRESS = {San Diego, CA},
      YEAR = {1996},
   MRCLASS = {76M10 (65M60 65N30 76D05)},
  MRNUMBER = {MR1799965},
}
@ARTICLE{gun-93-inc,
author       = "Gunzburger, M.D. and Nicola{\"\i}des, R.A.",
title        = "Incompressible computational fluid dynamics",
journal      = "",
publisher    = "Cambridge University Press",
volume       = "",
number       = "",
year         = "1993",
pages        = "",
}
@incollection {gun-84-asp,
    AUTHOR = {Gunzburger, M. D. and Nicolaides, R. A.},
     TITLE = {Some aspects of finite element approximations of
              incompressible viscous flows},
 BOOKTITLE = {Computational methods in viscous flows},
    SERIES = {Recent Adv. Numer. Methods Fluids},
    VOLUME = {3},
     PAGES = {173--189},
 PUBLISHER = {Pineridge},
   ADDRESS = {Swansea},
      YEAR = {1984},
   MRCLASS = {76D05 (76-08)},
  MRNUMBER = {MR801736 (87b:76041)},
}
@article {han-98-new,
    AUTHOR = {Han, H. and Wu, X.},
     TITLE = {A new mixed finite element formulation and the {MAC} method
              for the {S}tokes equations},
   JOURNAL = {SIAM J. Numer. Anal.},
  FJOURNAL = {SIAM Journal on Numerical Analysis},
    VOLUME = {35},
      YEAR = {1998},
    NUMBER = {2},
     PAGES = {560--571 (electronic)},
      ISSN = {0036-1429},
   MRCLASS = {65N30 (76D07 76M10)},
  MRNUMBER = {MR1618850 (2000a:65146)},
MRREVIEWER = {Jean-Luc Guermond},
}
@ARTICLE{har-65-num,
author       = "Harlow, F.H. and Welch, J.E.",
title        = "Numerical calculation of time dependent viscous incompressible flow of 
fluids with free surface",
journal      = "Phys. Fluids",
publisher    = "",
volume       = "8",
number       = "",
year         = "1965",
pages        = "2182--2189",
}
@ARTICLE{kai-91-ons,
   author = "L. Kaiktsis and G.E.M Karniadakis and S.A. Orszag",
   title = " Onset of three-dimensionality, equilibria, and early transition in flow over a backward-facing step ",
   year = "1991",
   journal = "J. Fluid Mechanics",
   volume = "231",
   number = "",
   pages = "501--528"
}
@ARTICLE{kim-85-app,
   author = "J. Kim and P. Moin",
   title = " Application of a fractionnal-step method to incompressible {N}avier-{S}tokes equations ",
   year = "1985",
   journal = "J. Comput. Phys.",
   volume = "59",
   number = "",
   pages = "308--323"
}
@ARTICLE{mat-97-apr,
   author = "S.R. Mathur and J.Y. Murthy ",
   title = "  A pressure-based method for unstructured meshes ",
   year = "1997",
   journal = "Num. Heat Transfer",
   volume = "31",
   number = "",
   pages = "195--215"
}
@ARTICLE{mat-97-pre,
author       = "Mathur, S.R. and  Murthy, J.Y.",
title        = "Pressure boundary conditions
for incompressible flow using unstructured meshes",
journal      = "",
publisher    = "",
volume       = "32",
number       = "",
year         = "1997",
pages        = "283--298",
}



@article {nic-92-ana,
    AUTHOR = {Nicolaides, R. A.},
     TITLE = {Analysis and convergence of the {MAC} scheme. {I}. {T}he
              linear problem},
   JOURNAL = {SIAM J. Numer. Anal.},
  FJOURNAL = {SIAM Journal on Numerical Analysis},
    VOLUME = {29},
      YEAR = {1992},
    NUMBER = {6},
     PAGES = {1579--1591},
      ISSN = {0036-1429},
     CODEN = {SJNAAM},
   MRCLASS = {65M25 (76D07 76M25)},
  MRNUMBER = {MR1191137 (93j:65143)},
}
 

@article {nic-96-ana,
    AUTHOR = {Nicolaides, R. A. and Wu, X.},
     TITLE = {Analysis and convergence of the {MAC} scheme. {II}.
              {N}avier-{S}tokes equations},
   JOURNAL = {Math. Comp.},
  FJOURNAL = {Mathematics of Computation},
    VOLUME = {65},
      YEAR = {1996},
    NUMBER = {213},
     PAGES = {29--44},
      ISSN = {0025-5718},
     CODEN = {MCMPAF},
   MRCLASS = {65M12 (76D05 76M25)},
  MRNUMBER = {MR1320897 (96d:65148)},
}

@ARTICLE{Pat-80-num,
author       = "Patankar ",
title        = "Numerical Heat Transfer and
Fluid Flow",
journal      = " Series
in Computational Methods in Mechanics and  Thermal Sciences, Minkowycz and Sparrow Eds.",
publisher    = "Mc Graw Hill",
volume       = "",
number       = "",
year         = "1980",
pages        = "",
}


@article {per-04-fin ,
    AUTHOR = {Perron, S. and Boivin, S. and H\'erard, J.-M.},
     TITLE = {A finite volume method to solve the 3D {N}avier-{S}tokes equations on unstructured collocated meshes},
   JOURNAL = {Computers \& Fluids},
  FJOURNAL = { },
    VOLUME = {33},
      YEAR = {2004},
    NUMBER = {10},
     PAGES = {1305-1333},
      ISSN = { },
   MRCLASS = { },
  MRNUMBER = { },
MRREVIEWER = { },
}

@ARTICLE{Pey-83-com,
author       = " Peyret,  R. and Taylor,  T.",
title        = "Computational methods 
for for fluid flow",
journal      = "",
publisher    = "Springer, New-York",
volume       = "",
number       = "",
year         = "1983",
pages        = "",
}


@ARTICLE{pironneau,
author       = "Pironneau,  O.",
title        = "Finite element methods for fluids",
journal      = "",
publisher    = "John Wiley and sons",
volume       = "",
number       = "",
year         = "1989",
pages        = "",
}


@ARTICLE{por-78-err,
author       = {Porsching, T. },
title        = {Error estimates for MAC-like approximations to the linear Navier--Stokes equations},
journal      = {Numer. Math.},
publisher    = {},
volume       = {29},
number       = "",
year         = {1978},
pages        = {291--306},
}
@ARTICLE{tai-04-par,
   author = "C.H. Tai and Y. Zhao and K.M. Liew",
   title = "Parallel computation of unsteady three-dimensional incompressible viscous flow using an unstructured multigrid method",
   year = " 2004",
  journal = "Comput. $\&$ Structures",
   volume = "82",
   pages = "2425--2436"
}



%che-08-fin
@article {che-09-col,
    AUTHOR = {Ch{\'e}nier, E. and Eymard, R. and Herbin, R.},
     TITLE = {A collocated finite volume scheme to solve free convection for
              general non-conforming grids},
   JOURNAL = {J. Comput. Phys.},
  FJOURNAL = {Journal of Computational Physics},
    VOLUME = {228},
      YEAR = {2009},
    NUMBER = {6},
     PAGES = {2296--2311},
      ISSN = {0021-9991},
     CODEN = {JCTPAH},
   MRCLASS = {76M12 (65N06 76R10)},
  MRNUMBER = {MR2500682},
}
		

%ijnmf
@ARTICLE{che-08-col,
    AUTHOR = {Ch{\'e}nier, E. and Eymard, R. and Herbin, R.
              and Touazi, O.},
     TITLE = {Collocated finite volume schemes for the simulation of natural
              convective flows on unstructured meshes},
   JOURNAL = {Internat. J. Numer. Methods Fluids},
  FJOURNAL = {International Journal for Numerical Methods in Fluids},
    VOLUME = {56},
      YEAR = {2008},
    NUMBER = {11},
     PAGES = {2045--2068},
      ISSN = {0271-2091},
     CODEN = {IJNFDW},
   MRCLASS = {76M12 (65N06 76D05)},
  MRNUMBER = {MR2400464 (2009j:76161)},
}
		

%collocfvca
@inproceedings{che-08-colf,
author       = {Ch{\'e}nier, E. and Eymard, R. and Herbin, R.},
title        = {A Collocated Finite Volume Scheme for the Incompressible {N}avier-{S}tokes Equations on General Non-Matching Grids},
year         = {2008},
editor       = {Eymard, R.  and H{\'e}rard, J.-M. },
BOOKTITLE    = {Finite Volumes for Complex Applications V},
PUBLISHER    = {Wiley},
pages        = {289--296},
}
		
%nth / citeulike:483404
@article{che-06-num,
	author = {Ch\'enier, E.  and Eymard, R.  and Touazi, O. },
	citeulike-article-id = {483404},
	doi = {10.1080/10407790500292093},
	issn = {1040-7790},
	journal = {Numerical Heat Transfer Part B: Fundamentals},
	month = {September},
	number = {3},
	pages = {259--276},
	publisher = {Taylor and Francis Ltd},
	title = {Numerical Results Using a Colocated Finite-Volume Scheme on Unstructured Grids for Incompressible Fluid Flows},
	url = {http://dx.doi.org/10.1080/10407790500292093},
	volume = {49},
	year = {2006}
}




%cluster1
@article{eym-07-sta,
author       = {Eymard, R.   and Herbin, R. and Latch\'e, J.C. and Piar, B.},
title        = {On the stability of colocated clustered finite volume simplicial discretizations},
year         = {2007},
journal      ={Calcolo},
volume       ={44},
pages        ={219--234},
note={see also http://hal.archives-ouvertes.fr/}
}
 

%cluster2
@ARTICLE{eym-09-ana,
author       = {Eymard, R. and Herbin, R. and Latch\'e, J.C. and Piar, B.},
title        = {Convergence analysis of a locally stabilized 
collocated finite volume scheme for incompressible flows},
journal      = {ESAIM: M2AN},
publisher    = {},
volume       = {43},
number       = {5},
year         = {2009},
pages        = {889--927},
}
 
		
@article {fau-05-sta,
    AUTHOR = {Faure, S.},
     TITLE = {Stability of a colocated finite volume scheme for the {N}avier-{S}tokes equations},
   JOURNAL = {Numer. Methods Partial Differential Equations},
  FJOURNAL = {Numerical Methods for Partial Differential Equations. An
              International Journal},
    VOLUME = {21},
      YEAR = {2005},
    NUMBER = {2},
     PAGES = {242--271},
      ISSN = {0749-159X},
   MRCLASS = {65M06 (76D05 76M12)},
  MRNUMBER = {MR2114950 (2005m:65166)},
MRREVIEWER = {Nikolay P. Moshkin},
}
		
@article {fau-04-fin,
    AUTHOR = {Faure, S.},
     TITLE = {A finite volume scheme for the nonlinear heat equation},
   JOURNAL = {Numer. Funct. Anal. Optim.},
  FJOURNAL = {Numerical Functional Analysis and Optimization. An
              International Journal},
    VOLUME = {25},
      YEAR = {2004},
    NUMBER = {1-2},
     PAGES = {27--56},
      ISSN = {0163-0563},
     CODEN = {NFADOL},
   MRCLASS = {65M06 (35K55)},
  MRNUMBER = {MR2045543 (2005b:65093)},
MRREVIEWER = {Robert Eymard},
}


		


@article{rhi-83-num,
author={Rhie, C.M. and Chow, W.L.},
title={Numerical study of the turbulent flow past an airfoil with trailing edge separation.},
language={English},
journal={AIAA J. },
volume={21},
pages={1525--1532},
year={1983},
}


%Temam
@book {tem-84-nav,
    AUTHOR = {Temam, R.},
     TITLE = {{N}avier-{S}tokes equations},
    SERIES = {Studies in Mathematics and its Applications},
    VOLUME = {2},
   EDITION = {Third},
      NOTE = {Theory and numerical analysis,
              With an appendix by F. Thomasset},
 PUBLISHER = {North-Holland Publishing Co.},
   ADDRESS = {Amsterdam},
      YEAR = {1984},
     PAGES = {xii+526},
      ISBN = {0-444-87558-1; 0-444-87559-X},
   MRCLASS = {76-02 (35Q10 65-02 76-08 76D05)},
  MRNUMBER = {MR769654 (86m:76003)},
}